@article{Godefroid,
 author = {Godefroid, Patrice and Klarlund, Nils and Sen, Koushik},
 title = {DART: Directed Automated Random Testing},
 journal = {SIGPLAN Not.},
 issue_date = {June 2005},
 volume = {40},
 number = {6},
 month = jun,
 year = {2005},
 issn = {0362-1340},
 pages = {213--223},
 numpages = {11},
 url = {http://doi.acm.org/10.1145/1064978.1065036},
 doi = {10.1145/1064978.1065036},
 acmid = {1065036},
 publisher = {ACM},
 address = {New York, NY, USA},
 keywords = {automated test generation, interfaces, program verification, random testing, software testing},
} 

@article{Sen,
 author = {Sen, Koushik and Marinov, Darko and Agha, Gul},
 title = {CUTE: A Concolic Unit Testing Engine for C},
 journal = {SIGSOFT Softw. Eng. Notes},
 issue_date = {September 2005},
 volume = {30},
 number = {5},
 month = sep,
 year = {2005},
 issn = {0163-5948},
 pages = {263--272},
 numpages = {10},
 url = {http://doi.acm.org/10.1145/1095430.1081750},
 doi = {10.1145/1095430.1081750},
 acmid = {1081750},
 publisher = {ACM},
 address = {New York, NY, USA},
 keywords = {concolic testing, data structure testing, explicit path model-checking, random testing, testing C programs, unit testing},
} 

@inproceedings{Jaffar,
 author = {Jaffar, Joxan and Murali, Vijayaraghavan and Navas, Jorge A.},
 title = {Boosting Concolic Testing via Interpolation},
 booktitle = {Proceedings of the 2013 9th Joint Meeting on Foundations of Software Engineering},
 series = {ESEC/FSE 2013},
 year = {2013},
 isbn = {978-1-4503-2237-9},
 location = {Saint Petersburg, Russia},
 pages = {48--58},
 numpages = {11},
 url = {http://doi.acm.org/10.1145/2491411.2491425},
 doi = {10.1145/2491411.2491425},
 acmid = {2491425},
 publisher = {ACM},
 address = {New York, NY, USA},
 keywords = {Concolic testing, interpolation, symbolic execution},
} 

@inproceedings{Seo,
 author = {Seo, Hyunmin and Kim, Sunghun},
 title = {How We Get There: A Context-guided Search Strategy in Concolic Testing},
 booktitle = {Proceedings of the 22Nd ACM SIGSOFT International Symposium on Foundations of Software Engineering},
 series = {FSE 2014},
 year = {2014},
 isbn = {978-1-4503-3056-5},
 location = {Hong Kong, China},
 pages = {413--424},
 numpages = {12},
 url = {http://doi.acm.org/10.1145/2635868.2635872},
 doi = {10.1145/2635868.2635872},
 acmid = {2635872},
 publisher = {ACM},
 address = {New York, NY, USA},
 keywords = {Concolic testing, search strategies, symbolic execution},
} 

@inproceedings{Jalangi,
 author = {Sen, Koushik and Kalasapur, Swaroop and Brutch, Tasneem and Gibbs, Simon},
 title = {Jalangi: A Tool Framework for Concolic Testing, Selective Record-replay, and Dynamic Analysis of JavaScript},
 booktitle = {Proceedings of the 2013 9th Joint Meeting on Foundations of Software Engineering},
 series = {ESEC/FSE 2013},
 year = {2013},
 isbn = {978-1-4503-2237-9},
 location = {Saint Petersburg, Russia},
 pages = {615--618},
 numpages = {4},
 url = {http://doi.acm.org/10.1145/2491411.2494598},
 doi = {10.1145/2491411.2494598},
 acmid = {2494598},
 publisher = {ACM},
 address = {New York, NY, USA},
 keywords = {Concolic Testing, Dynamic Analysis, JavaScript, Record and Repla},
} 

@inproceedings{Sarkar,
 author = {Sarkar, Tanmoy and Basu, Samik and Wong, Johnny S.},
 title = {ConSMutate: SQL Mutants for Guiding Concolic Testing of Database Applications},
 booktitle = {Proceedings of the 14th International Conference on Formal Engineering Methods: Formal Methods and Software Engineering},
 series = {ICFEM'12},
 year = {2012},
 isbn = {978-3-642-34280-6},
 location = {Kyoto, Japan},
 pages = {462--477},
 numpages = {16},
 url = {http://dx.doi.org/10.1007/978-3-642-34281-3_32},
 doi = {10.1007/978-3-642-34281-3_32},
 acmid = {2428410},
 publisher = {Springer-Verlag},
 address = {Berlin, Heidelberg},
 keywords = {automatic test case generation, concolic testing, database applications, mutation analysis},
} 

@article{s2e,
 author = {Chipounov, Vitaly and Kuznetsov, Volodymyr and Candea, George},
 title = {The S2E Platform: Design, Implementation, and Applications},
 journal = {ACM Trans. Comput. Syst.},
 issue_date = {February 2012},
 volume = {30},
 number = {1},
 month = feb,
 year = {2012},
 issn = {0734-2071},
 pages = {2:1--2:49},
 articleno = {2},
 numpages = {49},
 url = {http://doi.acm.org/10.1145/2110356.2110358},
 doi = {10.1145/2110356.2110358},
 acmid = {2110358},
 publisher = {ACM},
 address = {New York, NY, USA},
 keywords = {Symbolic execution, analysis, profiling, testing},
} 
